<searchRetrieveResponse xmlns="http://www.loc.gov/zing/srw/">
    <version>1.2</version>
    <numberOfRecords>2</numberOfRecords>
    <records>
        <record>
            <recordSchema>marcxml</recordSchema>
            <recordPacking>xml</recordPacking>
            <recordData>
                <record xmlns="http://www.loc.gov/MARC21/slim">
                    <leader>00667caa a2200205 c 4500</leader>
                    <controlfield tag="001">991004248644702201</controlfield>
                    <controlfield tag="005">20190130103301.0</controlfield>
                    <controlfield tag="007">ta</controlfield>
                    <controlfield tag="008">100222s2009 xx#||||f||||||000|u|eng|d</controlfield>
                    <datafield tag="035" ind1=" " ind2=" ">
                        <subfield code="a">100424864-47bibsys_network</subfield>
                    </datafield>
                    <datafield tag="035" ind1=" " ind2=" ">
                        <subfield code="a">(NO-TrBIB)100424864</subfield>
                    </datafield>
                    <datafield tag="040" ind1=" " ind2=" ">
                        <subfield code="a">NO-TrBIB</subfield>
                        <subfield code="b">nob</subfield>
                        <subfield code="e">katreg</subfield>
                    </datafield>
                    <datafield tag="100" ind1="1" ind2=" ">
                        <subfield code="a">Gabriel, Ute.</subfield>
                        <subfield code="4">aut</subfield>
                        <subfield code="0">(NO-TrBIB)8071732</subfield>
                    </datafield>
                    <datafield tag="245" ind1="1" ind2="0">
                        <subfield code="a">Emotions and legal judgements :</subfield>
                        <subfield code="b">normative issues and empirical findings</subfield>
                        <subfield code="c">Ute Gabriel</subfield>
                    </datafield>
                    <datafield tag="260" ind1=" " ind2=" ">
                        <subfield code="c">2009</subfield>
                    </datafield>
                    <datafield tag="300" ind1=" " ind2=" ">
                        <subfield code="a">S. 157-172</subfield>
                    </datafield>
                    <datafield tag="773" ind1="0" ind2=" ">
                        <subfield code="t">Social psychology of punishment of crime</subfield>
                        <subfield code="d">Chichester : Wiley-Blackwell, 2009</subfield>
                        <subfield code="z">9780470515990</subfield>
                        <subfield code="w">991001073034702201</subfield>
                    </datafield>
                    <datafield tag="901" ind1=" " ind2=" ">
                        <subfield code="a">80</subfield>
                    </datafield>
                    <datafield tag="914" ind1=" " ind2=" ">
                        <subfield code="a">Scientific</subfield>
                    </datafield>
                    <datafield tag="915" ind1=" " ind2=" ">
                        <subfield code="a">1</subfield>
                    </datafield>
                </record>
            </recordData>